<record><leader>00000cas a2200000 a 4500</leader><controlfield tag="001">7464862</controlfield><controlfield tag="008">810601c19789999wiudr ne      0   a0eng d</controlfield><datafield ind1=" " ind2=" " tag="010"><subfield code="a">sn 86002979 </subfield></datafield><datafield ind1=" " ind2=" " tag="040"><subfield code="a">GZS</subfield><subfield code="b">eng</subfield><subfield code="c">GZS</subfield><subfield code="d">NSD</subfield><subfield code="d">NPV</subfield><subfield code="d">DLC</subfield><subfield code="d">CUS</subfield><subfield code="d">OCLCQ</subfield><subfield code="d">OCLCF</subfield></datafield><datafield ind1=" " ind2=" " tag="012"><subfield code="m">1</subfield></datafield><datafield ind1="1" ind2=" " tag="022"><subfield code="a">0891-0227</subfield><subfield code="l">0891-0227</subfield><subfield code="2">1</subfield></datafield><datafield ind1="1" ind2=" " tag="029"><subfield code="a">AU@</subfield><subfield code="b">000025987749</subfield></datafield><datafield ind1="1" ind2=" " tag="029"><subfield code="a">NZ1</subfield><subfield code="b">16075434</subfield></datafield><datafield ind1=" " ind2=" " tag="032"><subfield code="a">166560</subfield><subfield code="b">USPS</subfield></datafield><datafield ind1=" " ind2=" " tag="037"><subfield code="a">Leader-Telegram, 701 S. Farwell St., P.O. Box 570, Eau Claire, WI 54702</subfield></datafield><datafield ind1=" " ind2=" " tag="042"><subfield code="a">nsdp</subfield></datafield><datafield ind1=" " ind2=" " tag="043"><subfield code="a">n-us-wi</subfield></datafield><datafield ind1="1" ind2="4" tag="050"><subfield code="a">Newspaper</subfield></datafield><datafield ind1=" " ind2="0" tag="222"><subfield code="a">Leader-telegram</subfield></datafield><datafield ind1="0" ind2="0" tag="245"><subfield code="a">Leader-telegram.</subfield></datafield><datafield ind1="1" ind2="0" tag="246"><subfield code="a">Leader telegram</subfield></datafield><datafield ind1="0" ind2="0" tag="246"><subfield code="a">Leader-telegram hilites</subfield></datafield><datafield ind1=" " ind2=" " tag="260"><subfield code="a">Eau Claire, Wis. :</subfield><subfield code="b">Leader-Telegram,</subfield><subfield code="c">1978-</subfield></datafield><datafield ind1=" " ind2=" " tag="300"><subfield code="a">v.</subfield></datafield><datafield ind1=" " ind2=" " tag="310"><subfield code="a">Daily</subfield></datafield><datafield ind1="0" ind2=" " tag="362"><subfield code="a">Vol. 9, no. 103 (Oct. 7, 1978)-</subfield></datafield><datafield ind1=" " ind2=" " tag="500"><subfield code="a">Added masthead: Leader-telegram hilites.</subfield></datafield><datafield ind1=" " ind2=" " tag="530"><subfield code="a">Also available on microfilm from Bell &amp; Howell, Micro Photo Div.</subfield></datafield><datafield ind1=" " ind2="0" tag="651"><subfield code="a">Eau Claire (Wis.)</subfield><subfield code="v">Newspapers.</subfield></datafield><datafield ind1=" " ind2="7" tag="655"><subfield code="a">Newspapers.</subfield><subfield code="2">fast</subfield><subfield code="0">(OCoLC)fst01423814</subfield></datafield><datafield ind1=" " ind2="7" tag="651"><subfield code="a">Wisconsin</subfield><subfield code="z">Eau Claire.</subfield><subfield code="2">fast</subfield><subfield code="0">(OCoLC)fst01206585</subfield></datafield><datafield ind1=" " ind2=" " tag="752"><subfield code="a">United States</subfield><subfield code="b">Wisconsin</subfield><subfield code="c">Eau Claire</subfield><subfield code="d">Eau Claire.</subfield></datafield><datafield ind1="0" ind2="8" tag="776"><subfield code="i">Online version:</subfield><subfield code="t">Leader-telegram (Online)</subfield><subfield code="w">(OCoLC)50608440</subfield></datafield><datafield ind1="0" ind2="0" tag="780"><subfield code="t">Eau Claire leader-telegram</subfield><subfield code="w">(DLC)sn 87082061</subfield><subfield code="w">(OCoLC)7464859</subfield></datafield><datafield ind1=" " ind2=" " tag="936"><subfield code="a">Vol. 17, no. 101 (Monday, Oct. 6, 1986) LIC</subfield></datafield></record>